@MISC{cisco:13,
AUTHOR="R. Adduci and E. Pineda and R. Villate",
TITLE="{Networking Skills in Latin America}", 
NOTE="{IDC Sponsored by Cisco}", 
MONTH="Janeiro",
YEAR="2013", 
}

@ARTICLE{kennan:08, 
AUTHOR="M. A. Kennan and D. Cecez-Kecmanovic and P. Willard and C. S. Wilson", 
TITLE="{IS Knowledge and Skills sought by Employers: A Content Analysis of Australian IS Early Career Online Job Advertisements}", 
JOURNAL="Australasian Journal of Information Systems", 
YEAR="2008", 
VOLUME="15(2)", 
PAGES={57-78}, 
}

@ARTICLE{joseph:10, 
AUTHOR="D. Joseph and S. Ang and R. H. L. Chang and S. A. Slaughter", 
TITLE="{Practical intelligence in IT: assessing soft skills of IT professionals}", 
JOURNAL="Communications of the ACM", 
YEAR="2010", 
VOLUME="53(2)", 
PAGES="149-154", 
}

@ARTICLE{hjyunus:12, 
AUTHOR="N. HjYunus and C. N. Hassan", 
TITLE="{The Importance of Emotional Intelligence and Soft Skills in the Workplace}", 
JOURNAL="Inter. Conf. on Innovation, Management and Technology Research", 
YEAR="2012", 
PAGES="12-16", 
} 

@BOOK{costa:85,
AUTHOR="T. P. Costa and R. R. McCrae",
TITLE="{The NEO Personality Inventory Manual}",
PUBLISHER="Psychological Assessment Resources",
YEAR="1985",
}

@CONFERENCE{paes:13, 
AUTHOR="R. B. Paes and R. Malaquias and M. Guimarães and H. Almeida", 
TITLE="{Ferramenta para a Avaliação de Aprendizado de Alunos em Programação de Computadores}",
BOOKTITLE="II Congresso Brasileiro de Informática na Educação", 
YEAR="2013", 
PAGES="203-212", 
} 

@ARTICLE{john:05, 
AUTHOR="M. John and F. Maurer and B. Tessem", 
TITLE="{Human and Social Factors of Software Engineering - Workshop Summary}", 
JOURNAL="ACM SIGSOFT Software Engineering Notes", 
YEAR="2005", 
VOLUME="30(4)", 
PAGES={1-6}, 
} 

@ARTICLE{gosling:03, 
AUTHOR="S. D. Gosling and P. J. Rentfrow and W. B. Swann Jr.",
TITLE="{A Very Brief Measure of the Big-Five Personality Domains}", 
JOURNAL="J. Research in Personality", 
VOLUME="37", 
YEAR="2003", 
PAGES="504-528", 
} 
