@MISC{canaltech:13,
AUTHOR="Canaltech",
TITLE="{Raio-X: O Setor de TI no Brasil e a Demanda por Profissionais Qualificados}",
MONTH="Abril",
YEAR="2013",
HOWPUBLISHED="http://corporate.canaltech.com.br/noticia/profissional-de-ti/Raio-X-o-setor-de-TI-no-Brasil-e-a-demanda-por-profissionais-qualificados",
}

@ARTICLE{joseph:10, 
AUTHOR="D. Joseph and S. Ang and R. H. L. Chang and S. A. Slaughter", 
TITLE="{Practical Intelligence in IT: Assessing Soft Skills of IT Professionals}", 
JOURNAL="Communications of the ACM", 
YEAR="2010", 
VOLUME="53(2)", 
PAGES="149-154", 
} 

@ARTICLE{hjyunus:12, 
AUTHOR="N. HjYunus and C. N. Hassan", 
TITLE="{The Importance of Emotional Intelligence and Soft Skills in the Workplace}", 
JOURNAL="Inter. Conf. on Innovation, Management and Technology Research", 
YEAR="2012", 
PAGES="12-16", 
} 

@ARTICLE{john:05, 
AUTHOR="M. John and F. Maurer and B. Tessem", 
TITLE="{Human and Social Factors of Software Engineering - Workshop Summary}", 
JOURNAL="ACM SIGSOFT Software Engineering Notes", 
YEAR="2005", 
VOLUME="30(4)", 
PAGES={1-6}, 
} 

@ARTICLE{ahmed:12, 
AUTHOR="F. Ahmed and L. F. Capretz and P. Campbell", 
TITLE="{Evaluating the Demand for Soft Skills in Software Development}", 
JOURNAL="IEEE IT Professional", 
YEAR="2012", 
VOLUME="14(1)", 
PAGES="44-49", 
} 

@ARTICLE{sterling:03, 
AUTHOR="G. D. Sterling and T. M. Brinthaupt", 
TITLE="{Faculty and Industry Conceptions of Successful Computer Programmers}", 
JOURNAL="J. Information Systems Education", 
YEAR="2003", 
VOLUME="14(4)", 
PAGES="417-423", 
} 

@ARTICLE{lee:05, 
AUTHOR="C. K. Lee", 
TITLE="{Analysis of Skill Requirements for Systems Analysts in Fortune 500 Organizations}", 
JOURNAL="J. Computer Information Systems", 
YEAR="2005", 
VOLUME="45(4)", 
PAGES="84-92", 
} 

@ARTICLE{capretz:10, 
AUTHOR="L. F. Capretz and F. Ahmed", 
TITLE="{Making Sense of Software Development and Personality Types}", 
JOURNAL="IEEE IT Professional", 
YEAR="2010", 
VOLUME="12(1)", 
PAGES="6-13", 
} 

@ARTICLE{rehman:12, 
AUTHOR="M. Rehman and A. K. Mahmood and R. Salleh and A. Amin", 
TITLE="{Mapping Job Requirements of Software Engineers to Big Five Personality Traits}", 
JOURNAL="Inter. Conf. on Computer \& Information Science", 
YEAR="2012", 
PAGES="1115-1122", 
} 

@BOOK{myers:98,
AUTHOR="I. B. Myers and M. H. McCaulley and N. L. Quenk and A. L. Hammer",
TITLE="MBTI Manual: A Guide to the Development and Use of the Myers-Briggs Type Indicator",
PUBLISHER="Consulting Psychologists Press",
YEAR="1998",
}

@BOOK{costa:85,
AUTHOR="T. P. Costa and R. R. McCrae",
TITLE="The NEO Personality Inventory Manual",
PUBLISHER="Psychological Assessment Resources",
YEAR="1985",
}

@CONFERENCE{paes:13, 
AUTHOR="R. B. Paes and R. Malaquias and M. Guimarães and H. Almeida", 
TITLE="{Ferramenta para a Avaliação de Aprendizado de Alunos em Programação de Computadores}",
BOOKTITLE="II Congresso Brasileiro de Informática na Educação", 
YEAR="2013", 
PAGES="203-212", 
} 

@ARTICLE{gosling:03, 
AUTHOR="S. D. Gosling and P. J. Rentfrow and W. B. Swann Jr.",
TITLE="{"A Very Brief Measure of the Big-Five Personality Domains}", 
JOURNAL="J. Research in Personality", 
VOLUME="37", 
YEAR="2003", 
PAGES="504-528", 
} 

@BOOK{srivastava:99,
AUTHOR="O. P. John and S. Srivastava",
TITLE="The Big Five Trait Taxonomy: History, Measurement, and Theoretical Perspectives. In Pervin, L. A., John, O. P. Handbook of Personality: Theory and Research",
PUBLISHER="New York: Guilford Press",
YEAR="1999",
PAGES="102-138",
}
