@MISC{canaltech:13,
AUTHOR="Canaltech",
TITLE="{Raio-X: o setor de TI no Brasil e a demanda por profissionais qualificados}",
MONTH="Abril",
YEAR="2013",
HOWPUBLISHED="http://corporate.canaltech.com.br/noticia/profissional-de-ti/Raio-X-o-setor-de-TI-no-Brasil-e-a-demanda-por-profissionais-qualificados",
}

@ARTICLE{joseph:10, 
AUTHOR="D. Joseph and S. Ang and R. H. L. Chang and S. A. Slaughter", 
TITLE="{Practical intelligence in IT: assessing soft skills of IT professionals}", 
JOURNAL="Communications of the ACM", 
YEAR="2010", 
VOLUME="53(2)", 
PAGES="149-154", 
} 

@ARTICLE{hjyunus:12, 
AUTHOR="N. HjYunus and C. N. Hassan", 
TITLE="{The Importance of Emotional Intelligence and Soft Skills in the Workplace}", 
JOURNAL="International Conference on Innovation, Management and Technology Research", 
YEAR="2012", 
PAGES="12-16", 
} 

@ARTICLE{rothstein:06, 
AUTHOR="M. G. Rothstein and R. D. Goffin", 
TITLE="{The Use of Personality Measures in Personnel Selection: What Does Current Research Support?}", 
JOURNAL="Human Resource Management Review", 
YEAR="2006", 
VOLUME="16(2)", 
PAGES="155-180", 
} 

@ARTICLE{john:05, 
AUTHOR="M. John and F. Maurer and B. Tessem", 
TITLE="{Human and Social Factors of Software Engineering - Workshop Summary}", 
JOURNAL="ACM SIGSOFT Software Engineering Notes", 
YEAR="2005", 
VOLUME="30(4)", 
PAGES={1-6}, 
} 

@ARTICLE{ahmed:12, 
AUTHOR="F. Ahmed and L. F. Capretz and P. Campbell", 
TITLE="{Evaluating the Demand for Soft Skills in Software Development}", 
JOURNAL="IEEE IT Professional", 
YEAR="2012", 
VOLUME="14(1)", 
PAGES="44-49", 
} 

@ARTICLE{sterling:03, 
AUTHOR="G. D. Sterling and T. M. Brinthaupt", 
TITLE="{Faculty and Industry Conceptions of Successful Computer Programmers}", 
JOURNAL="Journal of Information Systems Education", 
YEAR="2003", 
VOLUME="14(4)", 
PAGES="417-423", 
} 

@ARTICLE{lee:05, 
AUTHOR="C. K. Lee", 
TITLE="{Analysis of Skill Requirements for Systems Analysts in Fortune 500 Organizations}", 
JOURNAL="Journal of Computer Information Systems", 
YEAR="2005", 
VOLUME="45(4)", 
PAGES="84-92", 
} 

@ARTICLE{capretz:10, 
AUTHOR="L. F. Capretz and F. Ahmed", 
TITLE="{Making Sense of Software Development and Personality Types}", 
JOURNAL="IEEE IT Professional", 
YEAR="2010", 
VOLUME="12(1)", 
PAGES="6-13", 
} 

@ARTICLE{rehman:12, 
AUTHOR="M. Rehman and A. K. Mahmood and R. Salleh and A. Amin", 
TITLE="{Mapping Job Requirements of Software Engineers to Big Five Personality Traits}", 
JOURNAL="International Conference on Computer \& Information Science", 
YEAR="2012", 
PAGES="1115-1122", 
} 

@BOOK{myers:98,
AUTHOR="I. B. Myers and M. H. McCaulley and N. L. Quenk and A. L. Hammer",
TITLE="MBTI Manual: A Guide to the Development and Use of the Myers-Briggs Type Indicator",
PUBLISHER="Consulting Psychologists Press",
YEAR="1998",
}

@BOOK{costa:85,
AUTHOR="T. P. Costa and R. R. McCrae",
TITLE="The NEO Personality Inventory Manual",
PUBLISHER="Psychological Assessment Resources",
YEAR="1985",
}

@BOOK{jung:71,
AUTHOR="C. G. Jung",
TITLE="Psychological Types (The Collected Works of C. G. Jung, Vol. 6)",
PUBLISHER="Princeton University Press",
YEAR="1971",
}

@MISC{huxley,
AUTHOR="The Huxley",
HOWPUBLISHED="http://www.thehuxley.com",
}
