@MISC{cisco:13,
AUTHOR="R. Adduci and E. Pineda and R. Villate",
TITLE="{Networking Skills in Latin America}", 
NOTE="{IDC Sponsored by Cisco}", 
MONTH="Janeiro",
YEAR="2013", 
}

@ARTICLE{kennan:08, 
AUTHOR="M. A. Kennan and D. Cecez-Kecmanovic and P. Willard and C. S. Wilson", 
TITLE="{IS Knowledge and Skills sought by Employers: A Content Analysis of Australian IS Early Career Online Job Advertisements}", 
JOURNAL="Australasian Journal of Information Systems", 
YEAR="2008", 
VOLUME="15(2)", 
PAGES={57-78}, 
}

@ARTICLE{joseph:10, 
AUTHOR="D. Joseph and S. Ang and R. H. L. Chang and S. A. Slaughter", 
TITLE="{Practical intelligence in IT: assessing soft skills of IT professionals}", 
JOURNAL="Communications of the ACM", 
YEAR="2010", 
VOLUME="53(2)", 
PAGES="149-154", 
}

@ARTICLE{hjyunus:12, 
AUTHOR="N. HjYunus and C. N. Hassan", 
TITLE="{The Importance of Emotional Intelligence and Soft Skills in the Workplace}", 
JOURNAL="Inter. Conf. on Innovation, Management and Technology Research", 
YEAR="2012", 
PAGES="12-16", 
} 

@BOOK{costa:85,
AUTHOR="T. P. Costa and R. R. McCrae",
TITLE="{The NEO Personality Inventory Manual}",
PUBLISHER="Psychological Assessment Resources",
YEAR="1985",
}

@CONFERENCE{paes:13, 
AUTHOR="R. B. Paes and R. Malaquias and M. Guimarães and H. Almeida", 
TITLE="{Ferramenta para a Avaliação de Aprendizado de Alunos em Programação de Computadores}",
BOOKTITLE="II Congresso Brasileiro de Informática na Educação", 
YEAR="2013", 
PAGES="203-212", 
} 

@ARTICLE{john:05, 
AUTHOR="M. John and F. Maurer and B. Tessem", 
TITLE="{Human and Social Factors of Software Engineering - Workshop Summary}", 
JOURNAL="ACM SIGSOFT Software Engineering Notes", 
YEAR="2005", 
VOLUME="30(4)", 
PAGES={1-6}, 
} 

@ARTICLE{gosling:03, 
AUTHOR="S. D. Gosling and P. J. Rentfrow and W. B. Swann Jr.",
TITLE="{A Very Brief Measure of the Big-Five Personality Domains}", 
JOURNAL="J. Research in Personality", 
VOLUME="37", 
YEAR="2003", 
PAGES="504-528", 
}

@ARTICLE{litecky:04, 
AUTHOR="C. R. Litecky and K. P. Arnett and B. Prabhakar", 
TITLE="{The Paradox of Soft Skills Versus Technical Skills in IS Hiring}", 
JOURNAL="Journal of Computer Information Systems", 
YEAR="2004", 
VOLUME="45(1)", 
PAGES="69-76", 
}

@ARTICLE{crosbie:05,
author = "R. Crosbie",
title = "{Learning the Soft Skills of Leadership}",
journal = {Industrial and Commercial Training},
volume = "37(1)",
pages = "45-51",
year = "2005",
}

@ARTICLE{thornlike:20,
author = {E. L. Thornlike},
title = {Intelligence and its uses},
journal = {Harper's Magazine},
volume="140",
pages = "227-235",
year = "1920", 
}

@ARTICLE{salovey:90,
author = {P. Salovey and J. D. Mayer},
title = {Emotional intelligence},
journal = {Imagination, Cognition and Personality},
volume="9",
pages = "185-211",
year = "1990", 
}

@BOOK{goleman:07,
author = {D. Goleman},
title = {Inteligência Emocional},
PUBLISHER="Objetiva",
NOTE="Tradução por: M. Santarrita",
YEAR="1985",
}

@ARTICLE{sternberg:02,
author = {R. J. Sternberg and J. Hedlund},
title = {Emotional Intelligence},
journal = {Practical Intelligence, g, and Work Psychology},
volume="15(1-2)",
pages = "143-160",
year = "2002", 
}

@ARTICLE{mccrae:92,
author = {R. R. McCrae and O. P. John},
title = {An Introduction to the Five-Factor Model and its Applications},
journal = {Journal of Personality},
volume="60(2)",
pages = "175–215",
year = "1992", 
}
